@inproceedings{OSVIKDagArne2006Caac,
author = {OSVIK, Dag Arne and SHAMIR, Adi and TROMER, Eran},
address = {Berlin},
booktitle = {Lecture notes in computer science},
copyright = {2007 INIST-CNRS},
isbn = {3540310339},
issn = {0302-9743},
keywords = {Cryptography ;  Software},
language = {eng},
pages = {1-20},
publisher = {Springer},
title = {Cache attacks and countermeasures : The case of AES},
year = {2006},
}

